@article{kortemme2004,
    title={Computational Alanine Scanning of Protein-Protein Interfaces},
    author={Kortemme, Tanja and Kim, David E. and Baker, David},
    journal={Sci. STKE},
    volume={18},
    number={219},
    year={2004},
    publisher={Mary Ann Liebert, Inc. 140 Huguenot Street, 3rd Floor New Rochelle, NY 10801 USA}
}
@article{pockets2004,
    title={Protein-Protein Interactions: Hot Spots and Structurally
    Conserved Residues often Locate in Complemented
    Pockets that Pre-organized in the Unbound States:
    Implications for Docking},
    author={Li, Xiang and Keskin, Ozlem and Ma, Buyong and Nussinov, Ruth and
     Liang, Jie},
    journal={J. Mol. Biol.},
    volume={344},
    pages={781--795},
    year={2004}
}
@article{ppi_kim2006,
    title={Interaction interfaces in proteins via the Voronoi diagram of atoms},
    author={Kim, Chong-Min and Won, Chung-In and  Cho, Youngsong and Kim, Donguk and Lee, Sunghoon and Bhak, Jonghwa and Kim, Deok-Soo},
    journal={Computer-Aided Design},
    volume={38},
    pages={1192--1204},
    year={2006},
    publisher={}
}
@article{loops2014,
    title={Comprehensive Analysis of Loops at Protein-Protein Interfaces
    for Macrocycle Design},
    author={Gavenonis, Jason and Sheneman, Bradley A. and Siegert, Timothy R. and Eshelman, Matthew R. and
    Kritzer, Joshua A.},
    journal={Nat Chem Biol.},
    volume={10(9)},
    pages={716--722},
    year={2014 September}
}
@article{hotspots2012rev,
  title={Computational Prediction of Hot Spot Residues},
  author={Morrow, John Kenneth and Zhang, Shuxing},
  journal={Curr Pharm Des.},
  volume={00},
  number={18(9)},
  pages={1255--1265},
  year={2012},
  publisher={}
}
@article{asedb2001,

    title={ASEdb: a database of alanine mutations and their
    effects on the free energy of binding in protein
    interactions},
    author={Thorn, Kurt S. and
    and Bogan, Andrew A.},
    journal={Bioinformatics
    Applications Note},
    volume={17},
    number={3},
    pages={84--285},
    year={2001},
    publisher={Oxford University Press}
}
@article{alascan2001,
    title={Combinatorial alanine-scanning},
    author={Morrison, Kim L. and Weiss, Gregory A.},
    journal={Current Opinion in Chemical Biology},
    number={5},
    pages={302--307},
    year={2001},
    publisher={Elsevier Science Ltd.}
}

@online{pdb,
title = {Спецификация PDB v3.3},
author={},
url={http://www.wwpdb.org/documentation/file-format-content/format33/v3.3.html},
urldate = {2015-05-08}
}

@online{pymol,
title = {Официальный сайт PyMOL},
author={},
url={https://www.pymol.org/},
urldate = {2015-05-08}
}

@online{rcsb,
url = {http://www.rcsb.org}
}
